<?xml version="1.0" encoding="UTF-8"?><record xmlns="http://www.loc.gov/MARC21/slim" xmlns:cinclude="http://apache.org/cocoon/include/1.0" xmlns:zs="http://www.loc.gov/zing/srw/">
  <leader>01400cz  a2200289n  4500</leader>
  <controlfield tag="001">n  88132727 </controlfield>
  <controlfield tag="003">DLC</controlfield>
  <controlfield tag="005">20130622073939.0</controlfield>
  <controlfield tag="008">880404n| azannaabn          |a aaa     c</controlfield>
  <datafield tag="010" ind1=" " ind2=" ">
    <subfield code="a">n  88132727 </subfield>
    <subfield code="z">no 00016364 </subfield>
  </datafield>
  <datafield tag="035" ind1=" " ind2=" ">
    <subfield code="a">(OCoLC)oca02243989</subfield>
  </datafield>
  <datafield tag="040" ind1=" " ind2=" ">
    <subfield code="a">MdU</subfield>
    <subfield code="b">eng</subfield>
    <subfield code="e">rda</subfield>
    <subfield code="c">DLC</subfield>
    <subfield code="d">DLC</subfield>
    <subfield code="d">OCoLC</subfield>
    <subfield code="d">DLC</subfield>
    <subfield code="d">CU-A</subfield>
    <subfield code="d">DLC</subfield>
    <subfield code="d">IEN</subfield>
  </datafield>
  <datafield tag="046" ind1=" " ind2=" ">
    <subfield code="f">17901029</subfield>
    <subfield code="g">1842-02</subfield>
  </datafield>
  <datafield tag="100" ind1="1" ind2=" ">
    <subfield code="a">Julia de Fontenelle</subfield>
    <subfield code="q">(Jean-Sébastien-Eugène),</subfield>
    <subfield code="d">1790-1842</subfield>
  </datafield>
  <datafield tag="372" ind1=" " ind2=" ">
    <subfield code="a">Distillation</subfield>
    <subfield code="2">lcsh</subfield>
  </datafield>
  <datafield tag="374" ind1=" " ind2=" ">
    <subfield code="a">Chemists</subfield>
    <subfield code="2">lcsh</subfield>
  </datafield>
  <datafield tag="378" ind1=" " ind2=" ">
    <subfield code="q">Jean-Sébastien-Eugène</subfield>
  </datafield>
  <datafield tag="400" ind1="1" ind2=" ">
    <subfield code="w">nnea</subfield>
    <subfield code="a">Julia de Fontenelle,</subfield>
    <subfield code="c">M.</subfield>
    <subfield code="q">(Jean-Sébastien-Eugène),</subfield>
    <subfield code="d">1790-1842</subfield>
  </datafield>
  <datafield tag="400" ind1="1" ind2=" ">
    <subfield code="a">De Fontenelle,</subfield>
    <subfield code="c">M. Julia</subfield>
    <subfield code="q">(Jean-Sébastien-Eugène Julia),</subfield>
    <subfield code="d">1790-1842</subfield>
  </datafield>
  <datafield tag="400" ind1="1" ind2=" ">
    <subfield code="a">Fontenell, J.,</subfield>
    <subfield code="d">1790-1842</subfield>
  </datafield>
  <datafield tag="400" ind1="1" ind2=" ">
    <subfield code="a">Fontenelle,</subfield>
    <subfield code="c">M. Julia de</subfield>
    <subfield code="q">(Jean-Sébastien-Eugène Julia),</subfield>
    <subfield code="d">1790-1842</subfield>
  </datafield>
  <datafield tag="400" ind1="1" ind2=" ">
    <subfield code="a">Julia de Fontenelle, Jean-Sébastien-Eugène,</subfield>
    <subfield code="d">1790-1842</subfield>
  </datafield>
  <datafield tag="400" ind1="1" ind2=" ">
    <subfield code="a">Julia-Fontenelle,</subfield>
    <subfield code="c">M.</subfield>
    <subfield code="q">(Jean-Sébastien-Eugène),</subfield>
    <subfield code="d">1790-1842</subfield>
  </datafield>
  <datafield tag="670" ind1=" " ind2=" ">
    <subfield code="a">Benoit. Manuel complet de boulanger, 1829:</subfield>
    <subfield code="b">t.p. (M. Julia de Fontenelle)</subfield>
  </datafield>
  <datafield tag="670" ind1=" " ind2=" ">
    <subfield code="a">Hoefer</subfield>
    <subfield code="b">(Julia de Fontenelle, Jean-Sébastien-Eugène; b. Oct. 29, 1790; d. Feb. 1842)</subfield>
  </datafield>
  <datafield tag="670" ind1=" " ind2=" ">
    <subfield code="a">His Manuel de physique amusante ... 1826:</subfield>
    <subfield code="b">t.p. (M. Julia-Fontenelle, professeur de chimie ...)</subfield>
  </datafield>
  <datafield tag="670" ind1=" " ind2=" ">
    <subfield code="a">Manuel del fabricante y clarificador de aceites y fabricante de jabones ... 1834:</subfield>
    <subfield code="b">t.p. (J. Fontenell)</subfield>
  </datafield>
</record>